@manual{fftshift,
	title  = "fftshift reference",
	note   = "\url{mathworks.com/help/matlab/ref/fftshift.html}",
}	